<record><leader>00000cas a2200000 a 4500</leader><controlfield tag="001">37496896</controlfield><controlfield tag="008">970819d19221928cauwr ne      0    0eng c</controlfield><datafield ind1=" " ind2=" " tag="010"><subfield code="a">sn 97060818 </subfield></datafield><datafield ind1=" " ind2=" " tag="040"><subfield code="a">CNK</subfield><subfield code="b">eng</subfield><subfield code="c">CNK</subfield><subfield code="d">OCLCQ</subfield><subfield code="d">CNK</subfield><subfield code="d">OCLCQ</subfield><subfield code="d">OCLCF</subfield><subfield code="d">OCLCO</subfield></datafield><datafield ind1="1" ind2=" " tag="029"><subfield code="a">AU@</subfield><subfield code="b">000013434786</subfield></datafield><datafield ind1=" " ind2=" " tag="042"><subfield code="a">pcc</subfield></datafield><datafield ind1=" " ind2=" " tag="043"><subfield code="a">n-us-ca</subfield></datafield><datafield ind1="0" ind2="0" tag="245"><subfield code="a">Mount Shasta herald and the Sisson headlight.</subfield></datafield><datafield ind1=" " ind2=" " tag="260"><subfield code="a">Sisson, Siskiyou County, Calif. :</subfield><subfield code="b">Northern Calif. Pub. Co.</subfield></datafield><datafield ind1=" " ind2=" " tag="300"><subfield code="a">v.</subfield></datafield><datafield ind1=" " ind2=" " tag="310"><subfield code="a">Weekly</subfield></datafield><datafield ind1="0" ind2=" " tag="362"><subfield code="a">Vol. 19, no. 42 (June 29, 1922)-v. 25, no. 33 (Apr. 19, 1928).</subfield></datafield><datafield ind1=" " ind2=" " tag="530"><subfield code="a">Master negatives are available for duplication from:</subfield><subfield code="b">California Newspaper Microfilm Archive;</subfield><subfield code="c">positive copies may be purchased by the reel; for further information consult the CNMA at:</subfield><subfield code="u">http://cbsr.ucr.edu</subfield></datafield><datafield ind1=" " ind2="0" tag="651"><subfield code="a">Mount Shasta (Calif.)</subfield><subfield code="v">Newspapers.</subfield></datafield><datafield ind1=" " ind2="7" tag="655"><subfield code="a">Newspapers.</subfield><subfield code="2">fast</subfield><subfield code="0">(OCoLC)fst01423814</subfield></datafield><datafield ind1=" " ind2="7" tag="651"><subfield code="a">California</subfield><subfield code="z">Mount Shasta.</subfield><subfield code="2">fast</subfield><subfield code="0">(OCoLC)fst01211230</subfield></datafield><datafield ind1=" " ind2=" " tag="752"><subfield code="a">United States</subfield><subfield code="b">California</subfield><subfield code="c">Siskiyou</subfield><subfield code="d">Mount Shasta.</subfield></datafield><datafield ind1="0" ind2="4" tag="780"><subfield code="t">Mount Shasta herald</subfield><subfield code="w">(DLC)sn 92005884</subfield></datafield><datafield ind1="0" ind2="4" tag="780"><subfield code="t">Sisson headlight</subfield><subfield code="w">(DLC)sn 92068962</subfield></datafield><datafield ind1="0" ind2="0" tag="785"><subfield code="t">Mount Shasta herald (Mount Shasta, Calif. : 1928)</subfield><subfield code="w">(DLC)sn 97060819</subfield></datafield></record>